@InProceedings{RBFEIT,
author = {Zhang, Liyuan and Liu, Xuechao and Li, Lei and Fu, Feng and Jin, Li and Yang, Bin},
year = {2024},
month = {02},
pages = {369-376},
title = {Image Reconstruction Algorithm in Electrical Impedance Tomography Based on Improved CNN-RBF Model},
isbn = {978-3-031-51484-5},
doi = {10.1007/978-3-031-51485-2_40},

booktitle={12th Asian-Pacific Conference on Medical and Biological Engineering},

publisher={Springer Nature Switzerland},
address={Cham},
pages={369--376},
}

@article{YLWSZB,
author = {张里园 and 李磊 and 刘学超 and 付峰 and 金莉 and 杨滨"},
title = {基于深度学习的电阻抗断层成像图像重建算法研究综述.},
journal = {医疗卫生装备},
year = {2024},

}