@article{2019d_cc,
  title={电磁场有限元方法},
  author={ Wang, Jianguo },
  year={2019},
}
@article{Sun1993An,
  title={An inverse boundary value problem for Schr?dinger operators with vector potentials},
  author={Sun and  Qi, Zi },
  journal={Transactions of the American Mathematical Society},
  volume={338},
  number={2},
  pages={953-969},
  year={1993},
}
